% Double pendulum lyapunov numbers and general ode
@article{levien1993double,
  title={Double pendulum: An experiment in chaos},
  author={Levien, RB and Tan, SM},
  journal={American Journal of Physics},
  volume={61},
  number={11},
  pages={1038--1044},
  year={1993},
  publisher={AAPT}
}

% A good guide to numerically calculating lyapunov exponents (older)
% Also provides example values for lorenz at different parameters
@techreport{viswanath1998lyapunov,
  title={Lyapunov Exponents from Random Fibonacci Sequences to the LorenzEquations},
  author={Viswanath, Divakar},
  year={1998},
  institution={Cornell University}
}

% A guide to numerically calculating lyapunov exponents (older)
@article{sandri1996numerical,
  title={Numerical calculation of Lyapunov exponents},
  author={Sandri, Marco},
  journal={Mathematica Journal},
  volume={6},
  number={3},
  pages={78--84},
  year={1996},
  publisher={Redwood City, Ca.: Advanced Book Program, Addison-Wesley Pub. Co., c1990-}
}


% An article doing exactly what I'm doing
@article{pathak2018model,
  title={Model-free prediction of large spatiotemporally chaotic systems from data: A reservoir computing approach},
  author={Pathak, Jaideep and Hunt, Brian and Girvan, Michelle and Lu, Zhixin and Ott, Edward},
  journal={Physical review letters},
  volume={120},
  number={2},
  pages={024102},
  year={2018},
  publisher={APS}
}

% The periodic solution to the 3 body problem
@article{chenciner2000remarkable,
  title={A remarkable periodic solution of the three-body problem in the case of equal masses},
  author={Chenciner, Alain and Montgomery, Richard},
  journal={Annals of Mathematics-Second Series},
  volume={152},
  number={3},
  pages={881--902},
  year={2000},
  publisher={[Princeton, NJ, etc., Princeton University Press, etc.]}
}

% A complete guide to echo state neural networks
@book{jaeger2002tutorial,
  title={Tutorial on training recurrent neural networks, covering BPPT, RTRL, EKF and the" echo state network" approach},
  author={Jaeger, Herbert},
  volume={5}
}

% A reiteration to the previous guide with some clarifications to typos and such 
@article{Jaeger:2007,
  author={Jaeger,H.},
  title={{E}chostatenetwork},
  year={2007},
  journal={Scholarpedia},
  volume={2},
  number={9},
  pages={2330},
  doi={10.4249/scholarpedia.2330},
  note={revision\#188245}
}

% popularization of chaos
@article{lorenz1963deterministic,
  title={Deterministic nonperiodic flow},
  author={Lorenz, Edward N},
  journal={Journal of the atmospheric sciences},
  volume={20},
  number={2},
  pages={130--141},
  year={1963}
}

% history of chaos
@article{oestreicher2007history,
  title={A history of chaos theory},
  author={Oestreicher, Christian},
  journal={Dialogues in clinical neuroscience},
  volume={9},
  number={3},
  pages={279},
  year={2007},
  publisher={Les Laboratoires Servier}
}